<record xmlns="http://www.loc.gov/MARC21/slim" xmlns:xsi="http://www.w3.org/2001/XMLSchema-instance" xsi:schemaLocation="http://www.loc.gov/MARC21/slim http://www.loc.gov/standards/marcxml/schema/MARC21slim.xsd"><leader>01024cz   2200289n  4500</leader><controlfield tag="001">oca00611709 </controlfield><controlfield tag="003">OCoLC</controlfield><controlfield tag="005">20050831053040.0</controlfield><controlfield tag="008">810825n| acannaabn          |a aaa      </controlfield><datafield ind1=" " ind2=" " tag="010"><subfield code="a">n  81066350 </subfield></datafield><datafield ind1=" " ind2=" " tag="035"><subfield code="a">(OCoLC)oca00611709</subfield></datafield><datafield ind1=" " ind2=" " tag="040"><subfield code="a">DLC</subfield><subfield code="b">eng</subfield><subfield code="c">DLC</subfield><subfield code="d">DLC</subfield><subfield code="d">MdU</subfield><subfield code="d">DLC</subfield><subfield code="d">InU-Mu</subfield></datafield><datafield ind1="0" ind2=" " tag="100"><subfield code="a">Aesop</subfield></datafield><datafield ind1="0" ind2=" " tag="400"><subfield code="w">nna</subfield><subfield code="a">Aesopus</subfield></datafield><datafield ind1="0" ind2=" " tag="400"><subfield code="a">Ezop</subfield></datafield><datafield ind1="0" ind2=" " tag="400"><subfield code="a">Esop</subfield></datafield><datafield ind1="0" ind2=" " tag="400"><subfield code="a">Esopo</subfield></datafield><datafield ind1="0" ind2=" " tag="400"><subfield code="a">Esope</subfield></datafield><datafield ind1="0" ind2=" " tag="400"><subfield code="a">AisoÌ&#x84;pos</subfield></datafield><datafield ind1="0" ind2=" " tag="400"><subfield code="a">Esopus</subfield></datafield><datafield ind1="0" ind2=" " tag="400"><subfield code="a">Ezovbos</subfield></datafield><datafield ind1="0" ind2=" " tag="400"><subfield code="a">Ezopos</subfield></datafield><datafield ind1=" " ind2=" " tag="667"><subfield code="a">Do not use as main entry for Aesopic fables, which should normally be entered under a uniform title. Do use as added entry for editions in which Aesop is prominently named (e.g. an edition with title: Aesop's fables)</subfield></datafield><datafield ind1=" " ind2=" " tag="670"><subfield code="a">Aesop's fables. Middle French. L'Esope de Julien Macho, 1982:</subfield><subfield code="b">t.p. (Esope)</subfield></datafield><datafield ind1=" " ind2=" " tag="670"><subfield code="a">PapathoÌ&#x84;mopoulos, M. Ho vios tou AisoÌ&#x84;pou, 1991:</subfield><subfield code="b">p. 13 (AisoÌ&#x84;pos)</subfield></datafield><datafield ind1=" " ind2=" " tag="670"><subfield code="a">Aesop's fables. Armenian. ArÌ£akkÊ» Ezovbosi, 1827.</subfield></datafield><datafield ind1=" " ind2=" " tag="670"><subfield code="a">Ezoposi arÌ£aknereÌ&#x8c;, 1972.</subfield></datafield></record>